@incollection{cgal:hk-bonp3-15a
, author =  "Peter Hachenberger and Lutz Kettner"
, title =   "{3D} Boolean Operations on Nef Polyhedra"
, publisher =  "{CGAL Editorial Board}"
, edition =     "{4.7}"
, booktitle =   "{CGAL} User and Reference Manual"
, url = "http://doc.cgal.org/4.7/Manual/"
, year =        2015
}

@online{Maya2015
, title =   "Maya 2015"
, author =  "{Autodesk Ltd.}"
, url = "http://www.autodesk.com/"
, year =        2014
}

@online{WebBSP
, title =   "WebBSP 0.3 Beta"
, author =  "{L. Kobbelt}"
, url = "http://www.graphics.rwth-aachen.de/webbsp/"
, year =        2010
}

@online{Cork
, title =   "Cork Boolean Library"
, author =  "{G. Bernstein}"
, url = "https://github.com/gilbo/cork/"
, year =        2013
}

@online{Carve
, title =   "Carve csg boolean library"
, author =  "{T. Sargeant}"
, url = "https://github.com/VTREEM/Carve"
, year =        2011
}

@online{OpenMesh
, title =   "OpenMesh 3.3"
, author =  "{RWTH Aachen University}"
, url = "http://www.openmesh.org/"
, year =        2015
}

@online{Fade2D
, title =   "Fade2D 1.24"
, author =  "{Geom Software}"
, url = "http://www.geom.at/products/fade2d/"
, year =        2015
}

@book{kuratowski1968set,
  title={Set theory},
  author={Kuratowski, Kazimierz and Mostowski, Andrzej},
  year={1968},
  publisher={Elsevier, Academic Press}
}


@article{requicha1977mathematical,
  title={Mathematical models of rigid solid objects},
  author={Requicha, Aristides},
  year={1977}
}

@article{tilove1980closure,
  title={Closure of boolean operations on geometric entities},
  author={Tilove, RB and Requicha, Aristides AG},
  journal={Computer-Aided Design},
  volume={12},
  number={5},
  pages={219--220},
  year={1980},
  publisher={Elsevier}
}

@article{tilove1980set,
  title={Set membership classification: A unified approach to geometric intersection problems},
  author={Tilove, Robert B.},
  journal={Computers, IEEE Transactions on},
  volume={100},
  number={10},
  pages={874--883},
  year={1980},
  publisher={IEEE}
}

@inproceedings{fuchs80visible,
  title={On Visible Surface Generation by A Priori Tree Structures, Conf},
  author={Fuchs, H and Kedem, Z and Naylor, B},
  booktitle={Proc. of SIGGRAPH},
  volume={80},
  number={14},
  year={1980},
  pages={3}
}

@article{requicha1982solid,
  title={Solid Modeling: A Historical Summary and Contemporary Assessment.},
  author={Requicha, Aristides AG and Voelcker, Herbert B},
  journal={IEEE computer graphics and applications},
  volume={2},
  number={2},
  pages={9--24},
  year={1982}
}

@article{roth1982ray,
  title={Ray casting for modeling solids},
  author={Roth, Scott D},
  journal={Computer graphics and image processing},
  volume={18},
  number={2},
  pages={109--144},
  year={1982},
  publisher={Elsevier}
}

@article{yamaguchi1984unified,
  title={A unified algorithm for Boolean shape operations},
  author={Yamaguchi, Fujio and Tokieda, Toshiya},
  journal={Computer Graphics and Applications, IEEE},
  volume={4},
  number={6},
  pages={24--37},
  year={1984},
  publisher={IEEE}
}
@article{de1992line,
  title={An on-line algorithm for constrained Delaunay triangulation},
  author={De Floriani, Leila and Puppo, Enrico},
  journal={CVGIP: Graphical Models and Image Processing},
  volume={54},
  number={4},
  pages={290--300},
  year={1992},
  publisher={Elsevier}
}
@article{requicha1985boolean,
  title={Boolean operations in solid modeling: Boundary evaluation and merging algorithms},
  author={Requicha, Aristides AG and Voelcker, Herbert B},
  journal={Proceedings of the IEEE},
  volume={73},
  number={1},
  pages={30--44},
  year={1985},
  publisher={IEEE}
}

@book{preparata2012computational,
  title={Computational geometry: an introduction},
  author={Preparata, Franco P and Shamos, Michael},
  year={2012},
  publisher={Springer Science \& Business Media}
}

@inproceedings{laidlaw1986constructive,
  title={Constructive solid geometry for polyhedral objects},
  author={Laidlaw, David H and Trumbore, W Benjamin and Hughes, John F},
  booktitle={ACM SIGGRAPH computer graphics},
  volume={20},
  number={4},
  pages={161--170},
  year={1986},
  organization={ACM}
}

@article{mantyla1986boolean,
  title={Boolean operations of 2-manifolds through vertex neighborhood classification},
  author={M{\"a}ntyl{\"a}, Martti},
  journal={ACM Transactions on Graphics (TOG)},
  volume={5},
  number={1},
  pages={1--29},
  year={1986},
  publisher={ACM}
}

@techreport{hoffmann1987robust,
  title={Robust set operations on polyhedral solids},
  author={Hoffmann, Christoph M and Hopcroft, John E and Karasick, Michael S},
  year={1987},
  institution={Cornell University}
}


@inproceedings{thibault1987set,
  title={Set operations on polyhedra using binary space partitioning trees},
  author={Thibault, William C and Naylor, Bruce F},
  booktitle={ACM SIGGRAPH computer graphics},
  volume={21},
  number={4},
  pages={153--162},
  year={1987},
  organization={ACM}
}


@inproceedings{bieri1988elementary,
  title={Elementary set operations with d-dimensional polyhedra},
  author={Bieri, Hanspeter and Nef, Walter},
  booktitle={Workshop on Computational Geometry},
  pages={97--112},
  year={1988},
  organization={Springer}
}

@book{hofmann1989geometric,
  title={Geometric and Solid Modeling: An Introduction},
  author={Hofmann, Christoph M},
  year={1989},
  publisher={Morgan Kaufmann}
}

@article{chew1989constrained,
  title={Constrained delaunay triangulations},
  author={Chew, L Paul},
  journal={Algorithmica},
  volume={4},
  number={1-4},
  pages={97--108},
  year={1989},
  publisher={Springer}
}

@article{rossignac1988active,
  title={Active zones in CSG for accelerating boundary evaluation, redundancy elimination, interference detection, and shading algorithms},
  author={Rossignac, Jaroslaw R and Voelcker, Herbert B},
  journal={ACM Transactions on Graphics (TOG)},
  volume={8},
  number={1},
  pages={51--87},
  year={1988},
  publisher={ACM}
}

@article{pilz1989creation,
  title={Creation and boundary evaluation of CSG-models},
  author={Pilz, Markus and Kamel, Hussein A},
  journal={Engineering with computers},
  volume={5},
  number={2},
  pages={105--118},
  year={1989},
  publisher={Springer}
}

@article{sugihara1990solid,
  title={A solid modelling system free from topological inconsistency},
  author={Sugihara, Kokichi and Iri, Masao},
  journal={Journal of Information Processing},
  volume={12},
  number={4},
  pages={380--393},
  year={1990},
  publisher={һ�����ⷨ�������I��ѧ��}
}

@inproceedings{naylor1990merging,
  title={Merging BSP trees yields polyhedral set operations},
  author={Naylor, Bruce and Amanatides, John and Thibault, William},
  booktitle={ACM SIGGRAPH Computer Graphics},
  volume={24},
  number={4},
  pages={115--124},
  year={1990},
  organization={ACM}
}

@article{milenkovic1990finding,
  title={Finding compact coordinate representations for polygons and polyhedra},
  author={Milenkovic, Victor Joseph and Nackman, Lee R},
  journal={IBM Journal of Research and Development},
  volume={34},
  number={5},
  pages={753--769},
  year={1990},
  publisher={IBM}
}


@inproceedings{segal1990using,
  title={Using tolerances to guarantee valid polyhedral modeling results},
  author={Segal, Mark},
  booktitle={ACM SIGGRAPH Computer Graphics},
  volume={24},
  number={4},
  pages={105--114},
  year={1990},
  organization={ACM}
}


@article{gordon1991front,
  title={Front-to-back display of BSP trees},
  author={Gordon, Dan and Chen, Shuhong},
  journal={IEEE Computer Graphics and Applications},
  volume={11},
  number={5},
  pages={79--85},
  year={1991},
  publisher={IEEE Computer Society}
}


@inproceedings{fortune1993efficient,
  title={Efficient exact arithmetic for computational geometry},
  author={Fortune, Steven and Van Wyk, Christopher J},
  booktitle={Proceedings of the ninth annual symposium on Computational geometry},
  pages={163--172},
  year={1993},
  organization={ACM}
}


@article{fang1993robustness,
  title={Robustness in solid modelling: a tolerance-based intuitionistic approach},
  author={Fang, Shiaofen and Bruderlin, Beat and Zhu, Xiaohong},
  journal={Computer-Aided Design},
  volume={25},
  number={9},
  pages={567--576},
  year={1993},
  publisher={Elsevier}
}


@inproceedings{fortune1995polyhedral,
  title={Polyhedral modelling with exact arithmetic},
  author={Fortune, Steven},
  booktitle={Proceedings of the third ACM symposium on Solid modeling and applications},
  pages={225--234},
  year={1995},
  organization={ACM}
}

@techreport{gottschalk1996separating,
  title={Separating axis theorem},
  author={Gottschalk, Stefan},
  year={1996},
  institution={Technical Report TR96-024, Department of Computer Science, UNC Chapel Hill}
}


@inproceedings{banerjee1996topologically,
  title={Topologically exact evaluation of polyhedra defined in CSG with loose primitives},
  author={Banerjee, Raja PK and Rossignac, Jarek R},
  booktitle={Computer Graphics Forum},
  volume={15},
  number={4},
  pages={205--217},
  year={1996},
  organization={Wiley Online Library}
}


@inproceedings{gottschalk1996obbtree,
  title={OBBTree: A hierarchical structure for rapid interference detection},
  author={Gottschalk, Stefan and Lin, Ming C and Manocha, Dinesh},
  booktitle={Proceedings of the 23rd annual conference on Computer graphics and interactive techniques},
  pages={171--180},
  year={1996},
  organization={ACM}
}


@article{hu1996robust,
  title={Robust interval solid modelling},
  author={Hu, Chun-Yi and Patrikalakis, Nicholas M and Ye, Xiuzi},
  journal={Computer-Aided Design},
  volume={28},
  number={10},
  pages={807--817},
  year={1996},
  publisher={Elsevier}
}

@article{fortune1996static,
  title={Static analysis yields efficient exact integer arithmetic for computational geometry},
  author={Fortune, Steven and Van Wyk, Christopher J},
  journal={ACM Transactions on Graphics (TOG)},
  volume={15},
  number={3},
  pages={223--248},
  year={1996},
  publisher={ACM}
}

@inproceedings{keyser1997efficient,
  title={Efficient and accurate B-rep generation of low degree sculptured solids using exact arithmetic},
  author={Keyser, John and Krishnan, Shankar and Manocha, Dinesh},
  booktitle={Proceedings of the fourth ACM symposium on Solid modeling and applications},
  pages={42--55},
  year={1997},
  organization={ACM}
}

@article{moller1997fast,
  title={A fast triangle-triangle intersection test},
  author={M{\"o}ller, Tomas},
  journal={Journal of graphics tools},
  volume={2},
  number={2},
  pages={25--30},
  year={1997},
  publisher={Taylor \& Francis}
}

@article{shewchuk1997adaptive,
  title={Adaptive precision floating-point arithmetic and fast robust geometric predicates},
  author={Shewchuk, Jonathan Richard},
  journal={Discrete \& Computational Geometry},
  volume={18},
  number={3},
  pages={305--363},
  year={1997},
  publisher={Springer}
}


@article{havran1999summary,
  title={A summary of octree ray traversal algorithms},
  author={Havran, Vlastimil},
  journal={Ray Tracing News},
  volume={12},
  number={2},
  pages={11--23},
  year={1999}
}

@inproceedings{chen1999volumetic,
  title={A volumetic approach to interactive csg modeling and rendering},
  author={Chen, Hongsheng and Fang, Shiaofen},
  booktitle={Proceedings of the fifth ACM symposium on Solid modeling and applications},
  pages={318--319},
  year={1999},
  organization={ACM}
}

@article{fortune1999vertex,
  title={Vertex-rounding a three-dimensional polyhedral subdivision},
  author={Fortune, Steven},
  journal={Discrete \& Computational Geometry},
  volume={22},
  number={4},
  pages={593--618},
  year={1999},
  publisher={Springer}
}

@phdthesis{james1999binary,
  title={Binary space partitioning for accelerated hidden surface removal and rendering of static environments},
  author={James, Adam},
  year={1999},
  school={University of East Anglia}
}


@article{rossignac1999blist,
  title={BLIST: A Boolean list formulation of CSG trees},
  author={Rossignac, Jaroslaw R},
  year={1999},
  publisher={Georgia Institute of Technology}
}


@inproceedings{shewchuk1999lecture,
  title={Lecture notes on geometric robustness},
  author={Shewchuk, Jonathan Richard},
  booktitle={Interpola-tion, Conditioning, and Quality Measures. In Eleventh International Meshing Roundtable},
  year={1999}
}

@article{mcguire2000half,
  title={The half-edge data structure},
  author={McGuire, Max},
  journal={Website: http://www. flipcode. com/articles/article halfedgepf. shtml},
  year={2000}
}

@inproceedings{frisken2000adaptively,
  title={Adaptively sampled distance fields: a general representation of shape for computer graphics},
  author={Frisken, Sarah F and Perry, Ronald N and Rockwood, Alyn P and Jones, Thouis R},
  booktitle={Proceedings of the 27th annual conference on Computer graphics and interactive techniques},
  pages={249--254},
  year={2000},
  organization={ACM Press/Addison-Wesley Publishing Co.}
}

@inproceedings{revelles2000efficient,
  title={An Efficient Parametric Algorithm for Octree Traversal.},
  author={Revelles, J and Ure{\~n}a, Carlos and Lastra, Miguel},
  booktitle={WSCG},
  year={2000}
}

@article{hoffmann2001robustness,
  title={Robustness in geometric computations},
  author={Hoffmann, Christoph M},
  journal={Journal of Computing and Information Science in Engineering},
  volume={1},
  number={2},
  pages={143--155},
  year={2001},
  publisher={American Society of Mechanical Engineers}
}

@inproceedings{kobbelt2001feature,
  title={Feature sensitive surface extraction from volume data},
  author={Kobbelt, Leif P and Botsch, Mario and Schwanecke, Ulrich and Seidel, Hans-Peter},
  booktitle={Proceedings of the 28th annual conference on Computer graphics and interactive techniques},
  pages={57--66},
  year={2001},
  organization={ACM}
}

@article{krishnan2001boole,
  title={BOOLE: A boundary evaluation system for boolean combinations of sculptured solids},
  author={Krishnan, Shankar and Manocha, Dinesh and Gopi, M and Culver, Tim and Keyser, John},
  journal={International Journal of Computational Geometry \& Applications},
  volume={11},
  number={01},
  pages={105--144},
  year={2001},
  publisher={World Scientific}
}


@inproceedings{biermann2001approximate,
  title={Approximate boolean operations on free-form solids},
  author={Biermann, Henning and Kristjansson, Daniel and Zorin, Denis},
  booktitle={Siggraph},
  volume={1},
  pages={185--194},
  year={2001}
}

@inproceedings{ju2002dual,
  title={Dual contouring of hermite data},
  author={Ju, Tao and Losasso, Frank and Schaefer, Scott and Warren, Joe},
  booktitle={ACM Transactions on Graphics (TOG)},
  volume={21},
  number={3},
  pages={339--346},
  year={2002},
  organization={ACM}
}

@article{frisken2002simple,
  title={Simple and efficient traversal methods for quadtrees and octrees},
  author={Frisken, Sarah F and Perry, Ronald N},
  journal={Journal of Graphics Tools},
  volume={7},
  number={3},
  pages={1--11},
  year={2002},
  publisher={Taylor \& Francis}
}

@inproceedings{museth2002level,
  title={Level set surface editing operators},
  author={Museth, Ken and Breen, David E and Whitaker, Ross T and Barr, Alan H},
  booktitle={ACM Transactions on Graphics (TOG)},
  volume={21},
  number={3},
  pages={330--338},
  year={2002},
  organization={ACM}
}

@inproceedings{boonning2002interactive,
  title={Interactive sculpturing and visualization of unbounded voxel volumes},
  author={B{\"o}onning, Ralf and M{\"u}uller, Heinrich},
  booktitle={Proceedings of the seventh ACM symposium on Solid modeling and applications},
  pages={212--219},
  year={2002},
  organization={ACM}
}

@inproceedings{varadhan2003feature,
  title={Feature-sensitive subdivision and isosurface reconstruction},
  author={Varadhan, Gokul and Krishnan, Shankar and Kim, Young J and Manocha, Dinesh},
  booktitle={Visualization, 2003. VIS 2003. IEEE},
  pages={99--106},
  year={2003},
  organization={IEEE}
}

@inproceedings{adams2003interactive,
  title={Interactive boolean operations on surfel-bounded solids},
  author={Adams, Bart and Dutr{\'e}, Philip},
  booktitle={ACM Transactions on Graphics (TOG)},
  volume={22},
  number={3},
  pages={651--656},
  year={2003},
  organization={ACM}
}

@inproceedings{devillers2003efficient,
  title={Efficient Exact Geometric Predicates for Delauny Triangulations.},
  author={Devillers, Olivier and Pion, Sylvain},
  booktitle={ALENEX},
  pages={37--44},
  year={2003}
}


@incollection{granados2003boolean,
  title={Boolean operations on 3D selective Nef complexes: Data structure, algorithms, and implementation},
  author={Granados, Miguel and Hachenberger, Peter and Hert, Susan and Kettner, Lutz and Mehlhorn, Kurt and Seel, Michael},
  booktitle={Algorithms-ESA 2003},
  pages={654--666},
  year={2003},
  publisher={Springer}
}


@article{keyser2004esolid,
  title={ESOLID��a system for exact boundary evaluation},
  author={Keyser, John and Culver, Tim and Foskey, Mark and Krishnan, Shankar and Manocha, Dinesh},
  journal={Computer-Aided Design},
  volume={36},
  number={2},
  pages={175--193},
  year={2004},
  publisher={Elsevier}
}

@inproceedings{zhang2004dual,
  title={Dual contouring with topology-preserving simplification using enhanced cell representation},
  author={Zhang, Nan and Hong, Wei and Kaufman, Arie},
  booktitle={Visualization, 2004. IEEE},
  pages={505--512},
  year={2004},
  organization={IEEE}
}

@inproceedings{varadhan2004topology,
  title={Topology preserving surface extraction using adaptive subdivision},
  author={Varadhan, Gokul and Krishnan, Shankar and Sriram, TVN and Manocha, Dinesh},
  booktitle={Proceedings of the 2004 Eurographics/ACM SIGGRAPH symposium on Geometry processing},
  pages={235--244},
  year={2004},
  organization={ACM}
}


@article{ogayar2005point,
  title={Point in solid strategies},
  author={Ogayar, Carlos J and Segura, Rafael J and Feito, Francisco R},
  journal={Computers \& Graphics},
  volume={29},
  number={4},
  pages={616--624},
  year={2005},
  publisher={Elsevier}
}

@inproceedings{bischoff2005structure,
  title={Structure preserving CAD model repair},
  author={Bischoff, Stephan and Kobbelt, Leif},
  booktitle={Computer Graphics Forum},
  volume={24},
  number={3},
  pages={527--536},
  year={2005},
  organization={Wiley Online Library}
}

@inproceedings{hable2005blister,
  title={Blister: Gpu-based rendering of boolean combinations of free-form triangulated shapes},
  author={Hable, John and Rossignac, Jarek},
  booktitle={ACM Transactions on Graphics (TOG)},
  volume={24},
  number={3},
  pages={1024--1031},
  year={2005},
  organization={ACM}
}

@inproceedings{hachenberger2005boolean,
  title={Boolean operations on 3D selective Nef complexes: Optimized implementation and experiments},
  author={Hachenberger, Peter and Kettner, Lutz},
  booktitle={Proceedings of the 2005 ACM symposium on Solid and physical modeling},
  pages={163--174},
  year={2005},
  organization={ACM}
}

@inproceedings{ju2006intersection,
title={Intersection-free contouring on an octree grid},
author={Ju, Tao and Udeshi, Tushar},
booktitle={Proceedings of the 14th Pacific Conference on Computer Graphics and Applications},
volume={3},
year={2006}
}

@article{ogayar2006gpu,
  title={GPU-based evaluation of Boolean operations on triangulated solids},
  author={Ogayar, Carlos Javier and Feito, Francisco R and Segura, Rafael J and Rivero, Marilina},
  year={2006},
  publisher={The Eurographics Association}
}

@article{schaefer2007manifold,
  title={Manifold dual contouring},
  author={Schaefer, Scott and Ju, Tao and Warren, Joe},
  journal={IEEE Transactions on Visualization and Computer Graphics},
  volume={13},
  number={3},
  pages={610--619},
  year={2007},
  publisher={IEEE}
}

@article{smith2007topologically,
  title={A topologically robust algorithm for Boolean operations on polyhedral shapes using approximate arithmetic},
  author={Smith, JM and Dodgson, Neil A},
  journal={Computer-Aided Design},
  volume={39},
  number={2},
  pages={149--163},
  year={2007},
  publisher={Elsevier}
}

@article{hable2007cst,
  title={Cst: Constructive solid trimming for rendering breps and csg},
  author={Hable, John and Rossignac, Jarek},
  journal={Visualization and Computer Graphics, IEEE Transactions on},
  volume={13},
  number={5},
  pages={1004--1014},
  year={2007},
  publisher={IEEE}
}

@inproceedings{eisemann2008single,
  title={Single-pass GPU solid voxelization for real-time applications},
  author={Eisemann, Elmar and D{\'e}coret, Xavier},
  booktitle={Proceedings of graphics interface 2008},
  pages={73--80},
  year={2008},
  organization={Canadian Information Processing Society}
}


@inproceedings{bernstein2009fast,
  title={Fast, exact, linear booleans},
  author={Bernstein, Gilbert and Fussell, Don},
  booktitle={Computer Graphics Forum},
  volume={28},
  number={5},
  pages={1269--1278},
  year={2009},
  organization={Wiley Online Library}
}


@inproceedings{pavic2010hybrid,
  title={Hybrid booleans},
  author={Pavi{\'c}, Darko and Campen, Marcel and Kobbelt, Leif},
  booktitle={Computer Graphics Forum},
  volume={29},
  number={1},
  pages={75--87},
  year={2010},
  organization={Wiley Online Library}
}


@inproceedings{campen2010exact,
  title={Exact and Robust (Self-) Intersections for Polygonal Meshes},
  author={Campen, Marcel and Kobbelt, Leif},
  booktitle={Computer Graphics Forum},
  volume={29},
  number={2},
  pages={397--406},
  year={2010},
  organization={Wiley Online Library}
}


@misc{mehlhorn2011robust,
  title={Robust geometric computation},
  author={Mehlhorn, Kurt and Yap, Chee},
  year={2011},
  publisher={manuscript}
}

@article{cui2011point,
  title={Point-in-polyhedra test with direct handling of degeneracies},
  author={Cui, Shulin and Zhang, Shuqing and Chen, Xuanxi and Pang, Zhenping and Fu, Xiaoyang and Zhang, Xu},
  journal={Geo-spatial Information Science},
  volume={14},
  number={2},
  pages={91--97},
  year={2011},
  publisher={Springer}
}


@article{rossignac2011ordered,
  title={Ordered boolean list (obl): Reducing the footprint for evaluating boolean expressions},
  author={Rossignac, Jarek},
  journal={Visualization and Computer Graphics, IEEE Transactions on},
  volume={17},
  number={9},
  pages={1337--1351},
  year={2011},
  publisher={IEEE}
}


@article{wang2011approximate,
  title={Approximate boolean operations on large polyhedral solids with partial mesh reconstruction},
  author={Wang, Charlie CL},
  journal={Visualization and Computer Graphics, IEEE Transactions on},
  volume={17},
  number={6},
  pages={836--849},
  year={2011},
  publisher={IEEE}
}


@article{zhao2011parallel,
  title={Parallel and efficient Boolean on polygonal solids},
  author={Zhao, Hanli and Wang, Charlie CL and Chen, Yong and Jin, Xiaogang},
  journal={The Visual Computer},
  volume={27},
  number={6-8},
  pages={507--517},
  year={2011},
  publisher={Springer}
}

@article{xu2013fast,
  title={Fast and robust Booleans on polyhedra},
  author={Xu, Songgang and Keyser, John},
  journal={Computer-Aided Design},
  volume={45},
  number={2},
  pages={529--534},
  year={2013},
  publisher={Elsevier}
}

@article{mei2013simple,
  title={Simple and robust Boolean operations for triangulated surfaces},
  author={Mei, Gang and Tipper, John C},
  journal={arXiv preprint arXiv:1308.4434},
  year={2013}
}

@article{feito2013fast,
  title={Fast and accurate evaluation of regularized Boolean operations on triangulated solids},
  author={Feito, Francisco R and Og{\'a}yar, Carlos J and Segura, Rafael Jes{\'u}s and Rivero, ML},
  journal={Computer-Aided Design},
  volume={45},
  number={3},
  pages={705--716},
  year={2013},
  publisher={Elsevier}
}

@phdthesis{douze2015quickcsg,
  title={QuickCSG: Arbitrary and Faster Boolean Combinations of N Solids},
  author={Douze, Matthijs and Franco, Jean-S{\'e}bastien and Raffin, Bruno},
  year={2015},
  school={Inria-Research Centre Grenoble--Rh{\^o}ne-Alpes}
}

@article{ogayar2015deferred,
  title={Deferred boundary evaluation of complex CSG models},
  author={Ogayar-Anguita, CJ and Garc{\'\i}a-Fern{\'a}ndez, {\'A}L and Feito-Higueruela, FR and Segura-S{\'a}nchez, RJ},
  journal={Advances in Engineering Software},
  volume={85},
  pages={51--60},
  year={2015},
  publisher={Elsevier}
}

@article{barki2015exact,
  title={Exact, robust, and efficient regularized Booleans on general 3D meshes},
  author={Barki, Hichem and Guennebaud, Gael and Foufou, Sebti},
  journal={Computers \& Mathematics with Applications},
  volume={70},
  number={6},
  pages={1235--1254},
  year={2015},
  publisher={Elsevier}
}

@inproceedings{zhou2016mesh,
  title={Mesh Arrangements for Solid Geometry},
  author={Zhou, Qingnan and Grinspun, Eitan and Zorin, Denis and Jacobson, Alec},
  booktitle={Tristate Workshop on Imaging and Graphics Posters},
  year={2016}


}

@article{updegrove2016boolean,
  title={Boolean and smoothing of discrete polygonal surfaces},
  author={Updegrove, Adam and Wilson, Nathan M and Shadden, Shawn C},
  journal={Advances in Engineering Software},
  volume={95},
  pages={16--27},
  year={2016},
  publisher={Elsevier}
}

@article{schmidt2016adaptive,
  title={Adaptive Mesh Booleans},
  author={Schmidt, Ryan and Brochu, Tyson},
  journal={arXiv preprint arXiv:1605.01760},
  year={2016}
}
